<collection xmlns="http://www.loc.gov/MARC21/slim">
   <record>
      <leader>03356pam a2200481 i 4500</leader>
      <controlfield tag="001">6766306</controlfield>
      <controlfield tag="003">OCoLC</controlfield>
      <controlfield tag="005">20141216142051.0</controlfield>
      <controlfield tag="008">140228s2015    nyuae    b    000 0 eng  </controlfield>
      <datafield ind1=" " ind2=" " tag="010">
         <subfield code="a">  2014006802</subfield>
      </datafield>
      <datafield ind1=" " ind2=" " tag="020">
         <subfield code="a">9781616891336 (paperback)</subfield>
      </datafield>
      <datafield ind1=" " ind2=" " tag="020">
         <subfield code="a">1616891335 (paperback)</subfield>
      </datafield>
      <datafield ind1=" " ind2=" " tag="035">
         <subfield code="a">ocn899365383</subfield>
      </datafield>
      <datafield ind1=" " ind2=" " tag="040">
         <subfield code="a">DLC</subfield>
         <subfield code="b">eng</subfield>
         <subfield code="e">rda</subfield>
         <subfield code="c">DLC</subfield>
         <subfield code="d">OCLCO</subfield>
         <subfield code="d">YDXCP</subfield>
         <subfield code="d">BTCTA</subfield>
         <subfield code="d">BDX</subfield>
         <subfield code="d">UAB</subfield>
      </datafield>
      <datafield ind1=" " ind2=" " tag="042">
         <subfield code="a">pcc</subfield>
      </datafield>
      <datafield ind1=" " ind2=" " tag="043">
         <subfield code="a">n-us-pa</subfield>
      </datafield>
      <datafield ind1="0" ind2="0" tag="050">
         <subfield code="a">NA9072.P59</subfield>
         <subfield code="b">M457 2014</subfield>
      </datafield>
      <datafield ind1="0" ind2="0" tag="082">
         <subfield code="a">712/.50974886</subfield>
         <subfield code="2">23</subfield>
      </datafield>
      <datafield ind1=" " ind2=" " tag="090">
         <subfield code="a">NA 9072 P59 M457 2014</subfield>
         <subfield code="b">AEU</subfield>
      </datafield>
      <datafield ind1="1" ind2=" " tag="100">
         <subfield code="a">Rademacher, Susan M.,</subfield>
         <subfield code="d">1954-</subfield>
         <subfield code="e">author.</subfield>
         <subfield code="0">http://id.loc.gov/authorities/names/n89110108</subfield>
         <subfield code="0">http://viaf.org/viaf/63134112</subfield>
      </datafield>
      <datafield ind1="1" ind2="0" tag="245">
         <subfield code="a">Mellon Square :</subfield>
         <subfield code="b">discovering a modern masterpiece /</subfield>
         <subfield code="c">Susan M. Rademacher with essays by Charles A. Birnbaum, Patricia M. O'Donnell, Richard C. Bell, and Barry W. Starke.</subfield>
      </datafield>
      <datafield ind1=" " ind2=" " tag="250">
         <subfield code="a">First edition.</subfield>
      </datafield>
      <datafield ind1=" " ind2="1" tag="264">
         <subfield code="a">New York :</subfield>
         <subfield code="b">Princeton Architectural Press,</subfield>
         <subfield code="c">[2015]</subfield>
      </datafield>
      <datafield ind1=" " ind2=" " tag="300">
         <subfield code="a">160 pages :</subfield>
         <subfield code="b">illustrations, plans ;</subfield>
         <subfield code="c">23 cm.</subfield>
      </datafield>
      <datafield ind1=" " ind2=" " tag="336">
         <subfield code="a">text</subfield>
         <subfield code="2">rdacontent</subfield>
         <subfield code="0">http://id.loc.gov/vocabulary/contentTypes/txt</subfield>
      </datafield>
      <datafield ind1=" " ind2=" " tag="337">
         <subfield code="a">unmediated</subfield>
         <subfield code="2">rdamedia</subfield>
         <subfield code="0">http://id.loc.gov/vocabulary/mediaTypes/n</subfield>
      </datafield>
      <datafield ind1=" " ind2=" " tag="338">
         <subfield code="a">volume</subfield>
         <subfield code="2">rdacarrier</subfield>
         <subfield code="0">http://id.loc.gov/vocabulary/carriers/nc</subfield>
      </datafield>
      <datafield ind1="1" ind2=" " tag="490">
         <subfield code="a">Modern landscapes: transitions &amp; transformation</subfield>
      </datafield>
      <datafield ind1=" " ind2=" " tag="504">
         <subfield code="a">Includes bibliographical references.</subfield>
      </datafield>
      <datafield ind1="0" ind2=" " tag="505">
         <subfield code="a">Polishing the Jewel / by Charles A. Birnbaum -- An Ascendant Urban Space Restored / by Patricia M. O'Donnell -- Telling the Story of a Master Work / by Susan M. Rademacher -- The Simonds Way / by Richard C. -- Designing Experiences -- Genesis of Mellon Square: Design for a New Era -- Concepts and Ideas for Mellon Square, 1949-1955 -- Elevating the Square: Platform, Trees, and Water -- Lifecycles -- The Future of mellon Square -- John O. Simonds: Philosopher, Author, Educator / by Barry W. Starke -- Notes -- Appendix : Plant Lists: 1955, 1989, 2013 -- Selected Bibliography -- Image Credits.</subfield>
      </datafield>
      <datafield ind1=" " ind2=" " tag="520">
         <subfield code="a">"The next book in the Modern Landscapes series discusses the evolution of Pittsburgh's Mellon Square. The first modern garden plaza built over a parking garage and a forerunner of green roofs, Mellon Square was originally designed by the acclaimed landscape design firm Simonds &amp; Simonds and architects Mitchell &amp; Ritchey. It is now undergoing a restoration by Patricia O'Donnell of Heritage Landscapes"--</subfield>
         <subfield code="c">Provided by publisher.</subfield>
      </datafield>
      <datafield ind1=" " ind2=" " tag="596">
         <subfield code="a">43</subfield>
      </datafield>
      <datafield ind1="2" ind2="0" tag="610">
         <subfield code="a">Simonds and Simonds.</subfield>
         <subfield code="0">http://id.loc.gov/authorities/names/n93055412</subfield>
      </datafield>
      <datafield ind1="2" ind2="0" tag="610">
         <subfield code="a">Mitchell &amp; Ritchey.</subfield>
         <subfield code="0">http://id.loc.gov/authorities/names/n2014010632</subfield>
      </datafield>
      <datafield ind1=" " ind2="0" tag="650">
         <subfield code="a">City planning</subfield>
         <subfield code="z">Pennsylvania</subfield>
         <subfield code="z">Pittsburgh.</subfield>
      </datafield>
      <datafield ind1=" " ind2="0" tag="651">
         <subfield code="a">Mellon Square (Pittsburgh, Pa.)</subfield>
         <subfield code="0">http://id.loc.gov/authorities/subjects/sh2014000417</subfield>
      </datafield>
      <datafield ind1=" " ind2="0" tag="651">
         <subfield code="a">Pittsburgh (Pa.)</subfield>
         <subfield code="x">Buildings, structures, etc.</subfield>
      </datafield>
      <datafield ind1="1" ind2=" " tag="700">
         <subfield code="a">Birnbaum, Charles A.,</subfield>
         <subfield code="e">writer of supplementary textual content.</subfield>
         <subfield code="0">http://id.loc.gov/authorities/names/n93015605</subfield>
         <subfield code="0">http://viaf.org/viaf/65676983</subfield>
      </datafield>
      <datafield ind1=" " ind2=" " tag="758">
         <subfield code="0">http://worldcat.org/entity/work/id/16399808</subfield>
      </datafield>
      <datafield ind1="0" ind2=" " tag="787">
         <subfield code="n">OCLC Work Id</subfield>
         <subfield code="o">http://worldcat.org/entity/work/id/16399808</subfield>
      </datafield>
      <datafield ind1=" " ind2="0" tag="830">
         <subfield code="a">Modern landscapes.</subfield>
         <subfield code="0">http://id.loc.gov/authorities/names/no2012144900</subfield>
      </datafield>
      <datafield ind1=" " ind2=" " tag="949">
         <subfield code="a">NA 9072 P59 M457 2014</subfield>
         <subfield code="c">1</subfield>
         <subfield code="h">UAHS-B</subfield>
         <subfield code="i">0162035208410</subfield>
      </datafield>
      <datafield ind1=" " ind2=" " tag="926">
         <subfield code="a">NA 9072 P59 M457 2014</subfield>
         <subfield code="w">LC</subfield>
         <subfield code="c">1</subfield>
         <subfield code="i">0162035208410</subfield>
         <subfield code="l">ON_SHELF</subfield>
         <subfield code="m">UAHSS</subfield>
         <subfield code="p">$150.00</subfield>
         <subfield code="r">Y</subfield>
         <subfield code="s">Y</subfield>
         <subfield code="t">BOOK</subfield>
         <subfield code="u">1/6/2015</subfield>
      </datafield>
   </record>
</collection>
